% 24753429 
@Article{pmid24753429,
   Author="Kalderimis, A.  and Lyne, R.  and Butano, D.  and Contrino, S.  and Lyne, M.  and Heimbach, J.  and Hu, F.  and Smith, R.  and  \v{S}t\v{e}p\'{a}n, R.  and Sullivan, J.  and Micklem, G. ",
   Title="{{I}nter{M}ine: extensive web services for modern biology}",
   Journal="Nucleic Acids Res.",
   Year="2014",
   Volume="42",
   Number="Web Server issue",
   Pages="W468--472",
   Month="Jul"
}

% 26097192 
@Article{pmid26097192,
   Author="Lyne, R.  and Sullivan, J.  and Butano, D.  and Contrino, S.  and Heimbach, J.  and Hu, F.  and Kalderimis, A.  and Lyne, M.  and Smith, R. N.  and \v{S}t\v{e}p\'{a}n, R.  and Balakrishnan, R.  and Binkley, G.  and Harris, T.  and Karra, K.  and Moxon, S. A.  and Motenko, H.  and Neuhauser, S.  and Ruzicka, L.  and Cherry, M.  and Richardson, J.  and Stein, L.  and Westerfield, M.  and Worthey, E.  and Micklem, G. ",
   Title="{{C}ross-organism analysis using {I}nter{M}ine}",
   Journal="Genesis",
   Year="2015",
   Volume="53",
   Number="8",
   Pages="547--560",
   Month="Aug"
}

% 20956241 
@Article{pmid20956241,
   Author="Milne, I.  and Shaw, P.  and Stephen, G.  and Bayer, M.  and Cardle, L.  and Thomas, W. T.  and Flavell, A. J.  and Marshall, D. ",
   Title="{{F}lapjack--graphical genotype visualization}",
   Journal="Bioinformatics",
   Year="2010",
   Volume="26",
   Number="24",
   Pages="3133--3134",
   Month="Dec"
}

% 27775877 
@Article{pmid27775877,
   Author="Munoz-Amatriain, M.  and Mirebrahim, H.  and Xu, P.  and Wanamaker, S. I.  and Luo, M.  and Alhakami, H.  and Alpert, M.  and Atokple, I.  and Batieno, B. J.  and Boukar, O.  and Bozdag, S.  and Cisse, N.  and Drabo, I.  and Ehlers, J. D.  and Farmer, A.  and Fatokun, C.  and Gu, Y. Q.  and Guo, Y. N.  and Huynh, B. L.  and Jackson, S. A.  and Kusi, F.  and Lawley, C. T.  and Lucas, M. R.  and Ma, Y.  and Timko, M. P.  and Wu, J.  and You, F.  and Roberts, P. A.  and Lonardi, S.  and Close, T. J. ",
   Title="{{G}enome resources for climate-resilient cowpea, an essential crop for food security}",
   Journal="Plant J.",
   Year="2016",
   Month="Oct"
}

% 20008513 
@Article{pmid20008513,
   Author="Grant, D.  and Nelson, R. T.  and Cannon, S. B.  and Shoemaker, R. C. ",
   Title="{{S}oy{B}ase, the {U}{S}{D}{A}-{A}{R}{S} soybean genetics and genomics database}",
   Journal="Nucleic Acids Res.",
   Year="2010",
   Volume="38",
   Number="Database issue",
   Pages="D843--846",
   Month="Jan"
}

% PeanutBase
@InBook{PeanutBase,
Note="[PeanutBase]",
Author="Dash, S. and Cannon, E. and Kalberer, S.R. and Farmer, A.D. and Cannon, S.B.",
Year="2016",
Title="Peanuts: Genetics, Processing, and Utilization (AOCS Monograph Series on Oilseeds)",
Publisher="Academic Press and AOCS Press, Waltham, MA",
Pages="241--252"
}